@misc{wikipedia_2022, 
    title={Data modeling}, 
    howpublished={\url{https://en.wikipedia.org/wiki/Data_modeling}}, 
    journal={Wikipedia}, 
    publisher={Wikimedia Foundation}, year={2022}, month={Jan}
}
@misc{sdlc, 
    title={Systems development life cycle}, 
    howpublished={\url{https://g.co/kgs/nFcYCv}}, 
    journal={Google}
}

@misc{SDLC_Agile, 
    title={SDLC - Agile Model}, 
    howpublished={\url{https://www.tutorialspoint.com/sdlc/sdlc_agile_model.htm}},
}

 @misc{mysql,
    author = "{Wikipedia contributors}",
    title = "MySQL --- {Wikipedia}{,} The Free Encyclopedia",
    year = "2022",
    url = "https://en.wikipedia.org/w/index.php?title=MySQL&oldid=1075471809",
    note = "[Online; accessed 27-March-2022]"
  }
  @misc{ api,
    author = "{Wikipedia contributors}",
    title = "API --- {Wikipedia}{,} The Free Encyclopedia",
    year = "2022",
    url = "https://en.wikipedia.org/w/index.php?title=API&oldid=1079091732",
    note = "[Online; accessed 27-March-2022]"
  }